@article{sprunt1989aperiodic,
  title={Aperiodic Task Scheduling for Hard-Real-Time Systems},
  author={Sprunt, Barry and Sha, Lui and Lehoczky, John P.},
  journal={The Journal of Real-Time Systems},
  volume={1},
  number={1},
  pages={27--60},
  year={1989},
  publisher={Springer}
}

@inproceedings{spuri1994efficient,
  author    = {Marco Spuri and Giorgio C. Buttazzo},
  title     = {Efficient Aperiodic Service under Earliest Deadline Scheduling},
  booktitle = {Proceedings of the IEEE Real-Time Systems Symposium (RTSS)},
  year      = {1994},
  pages     = {2--11},
  publisher = {IEEE}
}
@book{laplante2011real,
  title={Real-Time Systems Design and Analysis: Tools for the Practitioner},
  author={Laplante, Philip A.},
  edition={4th},
  year={2011},
  publisher={Wiley-IEEE Press}
}