@article{sprunt1989aperiodic,
  title={Aperiodic Task Scheduling for Hard-Real-Time Systems},
  author={Sprunt, Barry and Sha, Lui and Lehoczky, John P.},
  journal={The Journal of Real-Time Systems},
  volume={1},
  number={1},
  pages={27--60},
  year={1989},
  publisher={Springer}
}
@inproceedings{spuri1994efficient,
  author    = {Marco Spuri and Giorgio C. Buttazzo},
  title     = {Efficient Aperiodic Service under Earliest Deadline Scheduling},
  booktitle = {Proceedings of the IEEE Real-Time Systems Symposium (RTSS)},
  year      = {1994},
  pages     = {2--11},
  publisher = {IEEE}
}
@book{laplante2011real,
  title={Real-Time Systems Design and Analysis: Tools for the Practitioner},
  author={Laplante, Philip A.},
  edition={4th},
  year={2011},
  publisher={Wiley-IEEE Press}
}
@article{liu1973scheduling,
  title={Scheduling algorithms for multiprogramming in a hard-real-time environment},
  author={Liu, C. L. and Layland, J. W.},
  journal={Journal of the ACM (JACM)},
  volume={20},
  number={1},
  pages={46--61},
  year={1973},
  publisher={ACM}
}
@book{buttazzo2011hard,
  title={Hard Real-Time Computing Systems: Predictable Scheduling Algorithms and Applications},
  author={Buttazzo, Giorgio C.},
  year={2011},
  publisher={Springer Science \& Business Media}
}

@misc{diva2020ecu,
  author       = {Bengtsson, Magnus and Karlsson, Elias},
  title        = {Real-Time Task Scheduling in Automotive ECUs},
  year         = {2020},
  howpublished = {\url{https://www.diva-portal.org/smash/get/diva2:1420547/FULLTEXT01.pdf}},
  note         = {Accessed: May 1, 2025}
}

@misc{queensu2023dss,
  author       = {Kingston, John and Wang, Ying},
  title        = {Real-Time Server Mechanisms in Multicore EDF},
  year         = {2023},
  howpublished = {\url{https://research.cs.queensu.ca/techreports/2023-EDF-Server.pdf}},
  note         = {Accessed: May 1, 2025}

